<collection xmlns="http://www.loc.gov/MARC21/slim">
<record>
  <leader>00855ncm0a22002171i 450 </leader>
  <controlfield tag="001">IT\ICCU\CNCE\045157</controlfield>
  <controlfield tag="005">20000621000000.0</controlfield>
  <datafield tag="100" ind1=" " ind2=" ">
    <subfield code="a">19990108d1592        0itac0103    ba</subfield>
  </datafield>
  <datafield tag="101" ind1=" " ind2=" ">
    <subfield code="a">ITA</subfield>
  </datafield>
  <datafield tag="102" ind1=" " ind2=" ">
    <subfield code="a">IT</subfield>
  </datafield>
  <datafield tag="200" ind1="1" ind2=" ">
    <subfield code="a">Madrigali a cinque voci, libro primo</subfield>
  </datafield>
  <datafield tag="210" ind1=" " ind2=" ">
    <subfield code="a">Roma</subfield>
    <subfield code="c">Ascanio e Girolamo Donangeli</subfield>
    <subfield code="c">ed. Francesco Coattino</subfield>
    <subfield code="d">1592</subfield>
  </datafield>
  <datafield tag="300" ind1=" " ind2=" ">
    <subfield code="a">RISM: 7, Q 36</subfield>
  </datafield>
  <datafield tag="620" ind1=" " ind2=" ">
    <subfield code="a">IT</subfield>
    <subfield code="d">Roma</subfield>
  </datafield>
  <datafield tag="700" ind1=" " ind2="1">
    <subfield code="a">Quartieri,</subfield>
    <subfield code="b">Pietro Paolo</subfield>
    <subfield code="3">IT\ICCU\CNCA\011861</subfield>
  </datafield>
  <datafield tag="712" ind1="0" ind2="0">
    <subfield code="a">Donangeli, Ascanio &amp; Donangeli, Girolamo</subfield>
    <subfield code="3">IT\ICCU\CNCT\000158</subfield>
    <subfield code="4">650</subfield>
  </datafield>
  <datafield tag="712" ind1="0" ind2="0">
    <subfield code="a">Coattino, Francesco</subfield>
    <subfield code="3">IT\ICCU\CNCT\000859</subfield>
    <subfield code="4">650</subfield>
  </datafield>
  <datafield tag="790" ind1=" " ind2="1">
    <subfield code="a">Quartiero,</subfield>
    <subfield code="b">Pietro Paolo</subfield>
    <subfield code="3">IT\ICCU\CNCA\025818</subfield>
    <subfield code="z">Quartieri, Pietro Paolo</subfield>
  </datafield>
  <datafield tag="791" ind1="0" ind2="0">
    <subfield code="a">Coattinus, Franciscus</subfield>
    <subfield code="3">IT\ICCU\CNCT\004622</subfield>
    <subfield code="z">Coattino, Francesco</subfield>
  </datafield>
  <datafield tag="791" ind1="0" ind2="0">
    <subfield code="a">Coattini, Francesco</subfield>
    <subfield code="3">IT\ICCU\CNCT\004623</subfield>
    <subfield code="z">Coattino, Francesco</subfield>
  </datafield>
  <datafield tag="801" ind1=" " ind2="3">
    <subfield code="a">IT</subfield>
    <subfield code="b">ICCU</subfield>
    <subfield code="c">20201114</subfield>
  </datafield>
</record>
</collection>
